@inproceedings{hou2017deep,
	title={Deep Learning Approach to Link Weight Prediction},
	author={Hou, Yuchen and Holder, Lawrence},
	booktitle={2017 International Joint Conference on Neural Networks (IJCNN)},
	year={2017},
	organization={IEEE}
}
@article{hou2012preservation,
	title={Preservation of entanglement in a two-qubit-spin coupled system},
	author={Hou, Yuchen and Zhang, Guo-Feng and Chen, Yan and Fan, Heng},
	journal={Annals of Physics},
	volume={327},
	number={2},
	pages={292--296},
	year={2012},
	publisher={Elsevier}
}
@article{zhang2011measurement,
  title={Measurement-induced disturbance and thermal negativity of qutrit--qubit mixed spin chain},
  author={Zhang, Guo-Feng and Hou, Yuchen and Ji, Ai-Ling},
  journal={Solid State Communications},
  volume={151},
  number={10},
  pages={790--793},
  year={2011},
  publisher={Elsevier}
}
