@inproceedings{perozzi2014deepwalk,
  title={Deepwalk: Online learning of social representations},
  author={Perozzi, Bryan and Al-Rfou, Rami and Skiena, Steven},
  booktitle={Proceedings of the 20th ACM SIGKDD international conference on Knowledge discovery and data mining},
  pages={701--710},
  year={2014},
  organization={ACM}
}
@article{fukushima1980neocognitron,
	title={Neocognitron: A self-organizing neural network model for a mechanism of pattern recognition unaffected by shift in position},
	author={Fukushima, Kunihiko},
	journal={Biological cybernetics},
	volume={36},
	number={4},
	pages={193--202},
	year={1980},
	publisher={Springer}
}
@inproceedings{mikolov2013distributed,
	title={Distributed representations of words and phrases and their compositionality},
	author={Mikolov, Tomas and Sutskever, Ilya and Chen, Kai and Corrado, Greg S and Dean, Jeff},
	booktitle={Advances in neural information processing systems},
	pages={3111--3119},
	year={2013}
}
@article{mikolov2013efficient,
	title={Efficient estimation of word representations in vector space},
	author={Mikolov, Tomas and Chen, Kai and Corrado, Greg and Dean, Jeffrey},
	journal={arXiv preprint arXiv:1301.3781},
	year={2013}
}
@article{le2014distributed,
	title={Distributed representations of sentences and documents},
	author={Le, Quoc V and Mikolov, Tomas},
	journal={arXiv preprint arXiv:1405.4053},
	year={2014}
}
@incollection{lecun2012efficient,
	title={Efficient backprop},
	author={LeCun, Yann A and Bottou, L{\'e}on and Orr, Genevieve B and M{\"u}ller, Klaus-Robert},
	booktitle={Neural networks: Tricks of the trade},
	pages={9--48},
	year={2012},
	publisher={Springer}
}
@article{uwents2011neural,
	title={Neural networks for relational learning: an experimental comparison},
	author={Uwents, Werner and Monfardini, Gabriele and Blockeel, Hendrik and Gori, Marco and Scarselli, Franco},
	journal={Machine Learning},
	volume={82},
	number={3},
	pages={315--349},
	year={2011},
	publisher={Springer US}
}
@article{scarselli2009graph,
	title={The graph neural network model},
	author={Scarselli, Franco and Gori, Marco and Tsoi, Ah Chung and Hagenbuchner, Markus and Monfardini, Gabriele},
	journal={Neural Networks, IEEE Transactions on},
	volume={20},
	number={1},
	pages={61--80},
	year={2009},
	publisher={IEEE}
}
@article{hannun2014deep,
	title={Deep speech: Scaling up end-to-end speech recognition},
	author={Hannun, Awni and Case, Carl and Casper, Jared and Catanzaro, Bryan and Diamos, Greg and Elsen, Erich and Prenger, Ryan and Satheesh, Sanjeev and Sengupta, Shubho and Coates, Adam and others},
	journal={arXiv preprint arXiv:1412.5567},
	year={2014}
}
@article{simonyan2014very,
	title={Very deep convolutional networks for large-scale image recognition},
	author={Simonyan, Karen and Zisserman, Andrew},
	journal={arXiv preprint arXiv:1409.1556},
	year={2014}
}
@inproceedings{yao2013recurrent,
	title={Recurrent neural networks for language understanding.},
	author={Yao, Kaisheng and Zweig, Geoffrey and Hwang, Mei-Yuh and Shi, Yangyang and Yu, Dong},
	booktitle={INTERSPEECH},
	pages={2524--2528},
	year={2013}
}
@article{silver2016mastering,
	title={Mastering the game of Go with deep neural networks and tree search},
	author={Silver, David and Huang, Aja and Maddison, Chris J and Guez, Arthur and Sifre, Laurent and van den Driessche, George and Schrittwieser, Julian and Antonoglou, Ioannis and Panneershelvam, Veda and Lanctot, Marc and others},
	journal={Nature},
	volume={529},
	number={7587},
	pages={484--489},
	year={2016},
	publisher={Nature Publishing Group}
}
@article{harper2015movielens,
	title={The MovieLens Datasets: History and Context},
	author={Harper, F Maxwell and Konstan, Joseph A},
	journal={ACM Transactions on Interactive Intelligent Systems (TiiS)},
	volume={5},
	number={4},
	pages={19},
	year={2015},
	publisher={ACM}
}
@misc{tensorflow2015-whitepaper,
	title={{TensorFlow}: Large-Scale Machine Learning on Heterogeneous Systems},
	url={http://tensorflow.org/},
	note={Software available from tensorflow.org},
	author={
	Mart\'{\i}n~Abadi and
	Ashish~Agarwal and
	Paul~Barham and
	Eugene~Brevdo and
	Zhifeng~Chen and
	Craig~Citro and
	Greg~S.~Corrado and
	Andy~Davis and
	Jeffrey~Dean and
	Matthieu~Devin and
	Sanjay~Ghemawat and
	Ian~Goodfellow and
	Andrew~Harp and
	Geoffrey~Irving and
	Michael~Isard and
	Yangqing Jia and
	Rafal~Jozefowicz and
	Lukasz~Kaiser and
	Manjunath~Kudlur and
	Josh~Levenberg and
	Dan~Man\'{e} and
	Rajat~Monga and
	Sherry~Moore and
	Derek~Murray and
	Chris~Olah and
	Mike~Schuster and
	Jonathon~Shlens and
	Benoit~Steiner and
	Ilya~Sutskever and
	Kunal~Talwar and
	Paul~Tucker and
	Vincent~Vanhoucke and
	Vijay~Vasudevan and
	Fernanda~Vi\'{e}gas and
	Oriol~Vinyals and
	Pete~Warden and
	Martin~Wattenberg and
	Martin~Wicke and
	Yuan~Yu and
	Xiaoqiang~Zheng},
	year={2015},
}
@article{hwang2016efficient,
	title={Efficient recommendation methods using category experts for a large 
	dataset},
	author={Hwang, Won-Seok and Lee, Ho-Jong and Kim, Sang-Wook and Won, 
	Youngjoon and Lee, Min-soo},
	journal={Information Fusion},
	volume={28},
	pages={75--82},
	year={2016},
	publisher={Elsevier}
}